@book
{bib:herlihy:theart,
	author = {Maurice Herlihy and Nir Shavit},
	title =	{The art of multiprocessor programming},
	publisher =	{Morgan Kaufmann Publishers},
	year = {2008}
}

@book
{bib:lins:gc,
	author = {Richard Jones and Rafael Lins},
	title = {Garbage Collection: Algorithms for Automatic Dynamic Memory Management},
	edition = {1st},
	publisher = {John Wiley \& Sons},
	year = {1997}
}

@book
{bib:aho:comp,
	author = {Alfred V. Aho and Monica S. Lam and Ravi Sethi and Jeffrey D. Ullman},
	title =	{Compilers: principles, techniques, and tools},
	publisher =	{Pearson/Addison Wesley},
	address =	{Boston, MA, USA},
	edition =	{Second},
	year =	{2007}
}

@book
{bib:adenauer,
	author = {Adenauer Corr\^ea Yamin},
	title = {Um estudo das potencialidades e limites na exploração do paralelismo},
	edition = {1st},
	year = {2001}
}

@book
{bib:advlinprog,
	author = {Mark Mitchell and Jeffrey Oldham and Alex Samuel and Glenn Becker and John Dean},
	title = {Advanced Linux Programming},
	edition = {1st},
	publisher = {New Riders},
	year = {2001}
}


@book
{bib:grune,
	author = {Dick Grune and Henri E. Bal and Ceriel J. H. Jacobs and Koen G. Langendoen},
	title = {Projeto moderno de compiladores: Implementação e aplicações},
	edition = {1st},
	year = {2001},
	publisher = {Editora Campus}
}

@book
{bib:louden,
	author = {Kenneth C. Louden},
	title = {Compiladores},
	edition = {1st},
	year = {2004},
	publisher = {Thomson}
}

@book
{bib:horton:begc,
	author = {Ivor Horton},
	title = {Beginning C: From novice to professional},
	edition = {4th},
	publisher = {Apress},
	year = {2006}
}

@book
{bib:crad,
	author = {De Rose, C\'esar Augusto and Adenauer Yamin and Gerson Cavalheiro and Tiaraj\'u Diveiro},
	title = {Caderno dos cursos permanentes das Escolas de Alto Desempenho},
	edition = {1st},
	year = {2006}
}

@inproceedings
{bib:dubois:pfun,
	author = {Du Bois, A. R. and Yamin, A. C. and Gerson Cavalheiro and Pilla, M. L.},
	title = {pFun: A semi-explicit purely functional language},
	year = {2007},
	booktitle = {Electronic Proceedings of the Workshop on Languages and Tools for Parallel and Distributed Programming},
}

@misc
{NOT_USED,
	author = {Du Bois, A. R.},
	title = {pFun: a semi-explicit parallel functional language for GRID programming},
	school = {Edinburg University},
	year = {2006}
}

@inproceedings
{bib:samsom:gengc,
	author = {Patrick M. Sansom and Simon L. Peyton Jones},
	title = {Generational Garbage Collection for Haskell},
	booktitle = {In Proc. 6th Int'l Conf. on Functional Programming Languages and Computer Architecture (FPCA'93)},
	year = {1993},
	pages = {106--116},
	publisher = {ACM Press}
}

@article
{bib:arora:worksteal,
	author = {Nimar S. Arora and Robert D. Blumofe and C. Greg Plaxton},
	title =	{Thread Scheduling for Multiprogrammed Multiprocessors},
	journal =	{MST: Mathematical Systems Theory},
  volume =	{34},
  year = {2001}
}

@misc
{bib:marcos,
	author = {Marcos Gonçalves Echevarria},
	title = {Estudo de algoritmos para coleta autom\'atica de lixo},
	school = {ESIN -- UCPel},
	address = {Pelotas -- RS},
	year = {2007},
	note = {Projeto de graduação}
}

@techreport
{bib:beloni,
	author = {Eduardo Fiss Beloni},
	title = {Coleta de lixo para a linguagem funcional pFun},
	school = {ESIN -- UCPel},
	address = {Pelotas -- RS},
	year = {2008},
	note = {Relatório final de projeto de pesquisa}
}

@incollection
{bib:dubois:erad,
	author = {Du Bois, A. R.},
	title = {Mem\'orias Transacionais e Troca de Mensagens: Duas Alternativas para Programação de M\'aquinas Multi-core},
	year = {2008},
	booktitle = {ERAD 2008},
	address = {Santa Cruz do Sul -- RS}
}
	
@inproceedings
{bib:flood:pargc,
	author = {Christine H. Flood and David Detlefs and Nir Shavit and Xiaolan Zhang},
	title = {Parallel garbage collection for shared memory multiprocessors},
	booktitle = {In Usenix Java Virtual Machine Research and Technology Symposium},
	year = {2001}
}

@incollection
{bib:bfs,
	author = {Yang Zhang and Eric A. Hansen},
	title = {Parallel Breadth-First Heuristic Search on a Shared-Memory Architecture},
	booktitle = {Workshop on Heuristic Search, Memory-Based Heuristics and their Applications},
	address = {Boston -- MA},
	year = {2006}
}


@TechReport
{bib:hughes84,
	author = {John Hughes},
	title =	{Why Functional Programming Matters},
	institution = {Programming Methodology Group, University of Goteborg},
  location = {Goteborg, Sweden},
  number = {16},
  year = {1984},
  month =	{nov}
}
